@misc{gartner_iot,
	title = {Gartner Says the Internet of Things Installed Base Will Grow to 26 Billion Units By 2020},
	howpublished = "\url{http://www.gartner.com/newsroom/id/2636073}",
	year = {2013},
	note = "[Online; accessed 26-Jan-2016]"
}

@misc{juniper_iot,
	title = {Internet of Things connected devices to almost triple to over 38 billion units by 2020},
	howpublished = "\url{http://www.juniperresearch.com/press/press-releases/iot-connected-devices-to-triple-to-38-bn-by-2020}",
	year = {2016},
	note = "[Online; accessed 09-June-2016]"
}


@article{green_efficient_2001,
	title = {Efficient silicon light-emitting diodes},
	volume = {412},
	copyright = {Â© 2001 Nature Publishing Group},
	issn = {0028-0836},
	url = {http://www.nature.com/nature/journal/v412/n6849/abs/412805a0.html},
	doi = {10.1038/35090539},
	language = {en},
	number = {6849},
	urldate = {2016-07-09},
	journal = {Nature},
	author = {Green, Martin A. and Zhao, Jianhua and Wang, Aihua and Reece, Peter J. and Gal, Michael},
	month = aug,
	year = {2001},
	pages = {805--808},
	file = {Snapshot:files/824/412805a0.html:text/html}
}


